%YAML 1.1
%TAG !u! tag:unity3d.com,2011:
--- !u!1 &2768858698684689248
GameObject:
  m_ObjectHideFlags: 0
  m_CorrespondingSourceObject: {fileID: 0}
  m_PrefabInstance: {fileID: 0}
  m_PrefabAsset: {fileID: 0}
  serializedVersion: 6
  m_Component:
  - component: {fileID: 625366464094544522}
  m_Layer: 0
  m_Name: Instanciador de balas
  m_TagString: Untagged
  m_Icon: {fileID: 0}
  m_NavMeshLayer: 0
  m_StaticEditorFlags: 0
  m_IsActive: 1
--- !u!4 &625366464094544522
Transform:
  m_ObjectHideFlags: 0
  m_CorrespondingSourceObject: {fileID: 0}
  m_PrefabInstance: {fileID: 0}
  m_PrefabAsset: {fileID: 0}
  m_GameObject: {fileID: 2768858698684689248}
  serializedVersion: 2
  m_LocalRotation: {x: 0, y: 0, z: 0, w: 1}
  m_LocalPosition: {x: -2.15, y: 0.45, z: 0}
  m_LocalScale: {x: 1, y: 1, z: 1}
  m_ConstrainProportionsScale: 0
  m_Children: []
  m_Father: {fileID: 4362255490418720718}
  m_LocalEulerAnglesHint: {x: 0, y: 0, z: 0}
--- !u!1 &4362255490418720725
GameObject:
  m_ObjectHideFlags: 0
  m_CorrespondingSourceObject: {fileID: 0}
  m_PrefabInstance: {fileID: 0}
  m_PrefabAsset: {fileID: 0}
  serializedVersion: 6
  m_Component:
  - component: {fileID: 4362255490418720718}
  - component: {fileID: 4362255490418720713}
  - component: {fileID: 4362255490418720715}
  - component: {fileID: 4362255490418720714}
  - component: {fileID: -6068899160427594061}
  - component: {fileID: 6161781055521241131}
  m_Layer: 0
  m_Name: Enemy5_Shooter
  m_TagString: Enemy
  m_Icon: {fileID: 0}
  m_NavMeshLayer: 0
  m_StaticEditorFlags: 0
  m_IsActive: 1
--- !u!4 &4362255490418720718
Transform:
  m_ObjectHideFlags: 0
  m_CorrespondingSourceObject: {fileID: 0}
  m_PrefabInstance: {fileID: 0}
  m_PrefabAsset: {fileID: 0}
  m_GameObject: {fileID: 4362255490418720725}
  serializedVersion: 2
  m_LocalRotation: {x: 0, y: 0, z: 0, w: 1}
  m_LocalPosition: {x: 0, y: 0.03, z: 0}
  m_LocalScale: {x: 0.7, y: 1.4, z: 0.7}
  m_ConstrainProportionsScale: 1
  m_Children:
  - {fileID: 2944865908211082792}
  - {fileID: 625366464094544522}
  m_Father: {fileID: 0}
  m_LocalEulerAnglesHint: {x: 0, y: 0, z: 0}
--- !u!33 &4362255490418720713
MeshFilter:
  m_ObjectHideFlags: 0
  m_CorrespondingSourceObject: {fileID: 0}
  m_PrefabInstance: {fileID: 0}
  m_PrefabAsset: {fileID: 0}
  m_GameObject: {fileID: 4362255490418720725}
  m_Mesh: {fileID: 10202, guid: 0000000000000000e000000000000000, type: 0}
--- !u!65 &4362255490418720715
BoxCollider:
  m_ObjectHideFlags: 0
  m_CorrespondingSourceObject: {fileID: 0}
  m_PrefabInstance: {fileID: 0}
  m_PrefabAsset: {fileID: 0}
  m_GameObject: {fileID: 4362255490418720725}
  m_Material: {fileID: 0}
  m_IncludeLayers:
    serializedVersion: 2
    m_Bits: 0
  m_ExcludeLayers:
    serializedVersion: 2
    m_Bits: 0
  m_LayerOverridePriority: 0
  m_IsTrigger: 0
  m_ProvidesContacts: 0
  m_Enabled: 1
  serializedVersion: 3
  m_Size: {x: 1.4713641, y: 1.5122535, z: 3.177076}
  m_Center: {x: -0.033551287, y: 0.24793175, z: 0.06571497}
--- !u!114 &4362255490418720714
MonoBehaviour:
  m_ObjectHideFlags: 0
  m_CorrespondingSourceObject: {fileID: 0}
  m_PrefabInstance: {fileID: 0}
  m_PrefabAsset: {fileID: 0}
  m_GameObject: {fileID: 4362255490418720725}
  m_Enabled: 1
  m_EditorHideFlags: 0
  m_Script: {fileID: 11500000, guid: b42ae49f0717b214fbe01d8a65b48916, type: 3}
  m_Name: 
  m_EditorClassIdentifier: 
--- !u!54 &-6068899160427594061
Rigidbody:
  m_ObjectHideFlags: 0
  m_CorrespondingSourceObject: {fileID: 0}
  m_PrefabInstance: {fileID: 0}
  m_PrefabAsset: {fileID: 0}
  m_GameObject: {fileID: 4362255490418720725}
  serializedVersion: 4
  m_Mass: 1
  m_Drag: 0
  m_AngularDrag: 0.05
  m_CenterOfMass: {x: 0, y: 0, z: 0}
  m_InertiaTensor: {x: 1, y: 1, z: 1}
  m_InertiaRotation: {x: 0, y: 0, z: 0, w: 1}
  m_IncludeLayers:
    serializedVersion: 2
    m_Bits: 0
  m_ExcludeLayers:
    serializedVersion: 2
    m_Bits: 0
  m_ImplicitCom: 1
  m_ImplicitTensor: 1
  m_UseGravity: 0
  m_IsKinematic: 0
  m_Interpolate: 0
  m_Constraints: 124
  m_CollisionDetection: 0
--- !u!114 &6161781055521241131
MonoBehaviour:
  m_ObjectHideFlags: 0
  m_CorrespondingSourceObject: {fileID: 0}
  m_PrefabInstance: {fileID: 0}
  m_PrefabAsset: {fileID: 0}
  m_GameObject: {fileID: 4362255490418720725}
  m_Enabled: 1
  m_EditorHideFlags: 0
  m_Script: {fileID: 11500000, guid: 5c9dd73089e814f428344aaa978bac23, type: 3}
  m_Name: 
  m_EditorClassIdentifier: 
  balaPrefab: {fileID: 145094441260979214, guid: 3b4397393c84d544ba38f062c6e390bd,
    type: 3}
  instanciadorDeBalas: {fileID: 625366464094544522}
--- !u!1001 &3410626303951962563
PrefabInstance:
  m_ObjectHideFlags: 0
  serializedVersion: 2
  m_Modification:
    serializedVersion: 3
    m_TransformParent: {fileID: 4362255490418720718}
    m_Modifications:
    - target: {fileID: -9221068982349648778, guid: cd8bb6ffb5e573a46815653492decd87,
        type: 3}
      propertyPath: m_Materials.Array.size
      value: 2
      objectReference: {fileID: 0}
    - target: {fileID: -9221068982349648778, guid: cd8bb6ffb5e573a46815653492decd87,
        type: 3}
      propertyPath: m_Materials.Array.data[1]
      value: 
      objectReference: {fileID: 2100000, guid: eed3e54330c86224fae4890ea5ec962c, type: 2}
    - target: {fileID: -9095692346342485478, guid: cd8bb6ffb5e573a46815653492decd87,
        type: 3}
      propertyPath: m_Materials.Array.size
      value: 2
      objectReference: {fileID: 0}
    - target: {fileID: -9095692346342485478, guid: cd8bb6ffb5e573a46815653492decd87,
        type: 3}
      propertyPath: m_Materials.Array.data[1]
      value: 
      objectReference: {fileID: 2100000, guid: eed3e54330c86224fae4890ea5ec962c, type: 2}
    - target: {fileID: -8723693063523007307, guid: cd8bb6ffb5e573a46815653492decd87,
        type: 3}
      propertyPath: m_Materials.Array.size
      value: 2
      objectReference: {fileID: 0}
    - target: {fileID: -8723693063523007307, guid: cd8bb6ffb5e573a46815653492decd87,
        type: 3}
      propertyPath: m_Materials.Array.data[1]
      value: 
      objectReference: {fileID: 2100000, guid: eed3e54330c86224fae4890ea5ec962c, type: 2}
    - target: {fileID: -8721775838098724725, guid: cd8bb6ffb5e573a46815653492decd87,
        type: 3}
      propertyPath: m_Materials.Array.size
      value: 2
      objectReference: {fileID: 0}
    - target: {fileID: -8721775838098724725, guid: cd8bb6ffb5e573a46815653492decd87,
        type: 3}
      propertyPath: m_Materials.Array.data[1]
      value: 
      objectReference: {fileID: 2100000, guid: eed3e54330c86224fae4890ea5ec962c, type: 2}
    - target: {fileID: -8679921383154817045, guid: cd8bb6ffb5e573a46815653492decd87,
        type: 3}
      propertyPath: m_LocalScale.x
      value: 2.8
      objectReference: {fileID: 0}
    - target: {fileID: -8679921383154817045, guid: cd8bb6ffb5e573a46815653492decd87,
        type: 3}
      propertyPath: m_LocalScale.y
      value: 1.4
      objectReference: {fileID: 0}
    - target: {fileID: -8679921383154817045, guid: cd8bb6ffb5e573a46815653492decd87,
        type: 3}
      propertyPath: m_LocalScale.z
      value: 2.8
      objectReference: {fileID: 0}
    - target: {fileID: -8679921383154817045, guid: cd8bb6ffb5e573a46815653492decd87,
        type: 3}
      propertyPath: m_LocalPosition.x
      value: 0
      objectReference: {fileID: 0}
    - target: {fileID: -8679921383154817045, guid: cd8bb6ffb5e573a46815653492decd87,
        type: 3}
      propertyPath: m_LocalPosition.y
      value: -0.767
      objectReference: {fileID: 0}
    - target: {fileID: -8679921383154817045, guid: cd8bb6ffb5e573a46815653492decd87,
        type: 3}
      propertyPath: m_LocalPosition.z
      value: 4.01
      objectReference: {fileID: 0}
    - target: {fileID: -8679921383154817045, guid: cd8bb6ffb5e573a46815653492decd87,
        type: 3}
      propertyPath: m_LocalRotation.w
      value: 0
      objectReference: {fileID: 0}
    - target: {fileID: -8679921383154817045, guid: cd8bb6ffb5e573a46815653492decd87,
        type: 3}
      propertyPath: m_LocalRotation.x
      value: 0
      objectReference: {fileID: 0}
    - target: {fileID: -8679921383154817045, guid: cd8bb6ffb5e573a46815653492decd87,
        type: 3}
      propertyPath: m_LocalRotation.y
      value: -1
      objectReference: {fileID: 0}
    - target: {fileID: -8679921383154817045, guid: cd8bb6ffb5e573a46815653492decd87,
        type: 3}
      propertyPath: m_LocalRotation.z
      value: 0
      objectReference: {fileID: 0}
    - target: {fileID: -8679921383154817045, guid: cd8bb6ffb5e573a46815653492decd87,
        type: 3}
      propertyPath: m_LocalEulerAnglesHint.x
      value: 0
      objectReference: {fileID: 0}
    - target: {fileID: -8679921383154817045, guid: cd8bb6ffb5e573a46815653492decd87,
        type: 3}
      propertyPath: m_LocalEulerAnglesHint.y
      value: -180
      objectReference: {fileID: 0}
    - target: {fileID: -8679921383154817045, guid: cd8bb6ffb5e573a46815653492decd87,
        type: 3}
      propertyPath: m_LocalEulerAnglesHint.z
      value: 0
      objectReference: {fileID: 0}
    - target: {fileID: -8679921383154817045, guid: cd8bb6ffb5e573a46815653492decd87,
        type: 3}
      propertyPath: m_ConstrainProportionsScale
      value: 1
      objectReference: {fileID: 0}
    - target: {fileID: -8653144316803816423, guid: cd8bb6ffb5e573a46815653492decd87,
        type: 3}
      propertyPath: m_Materials.Array.size
      value: 2
      objectReference: {fileID: 0}
    - target: {fileID: -8653144316803816423, guid: cd8bb6ffb5e573a46815653492decd87,
        type: 3}
      propertyPath: m_Materials.Array.data[1]
      value: 
      objectReference: {fileID: 2100000, guid: eed3e54330c86224fae4890ea5ec962c, type: 2}
    - target: {fileID: -8613296598002283312, guid: cd8bb6ffb5e573a46815653492decd87,
        type: 3}
      propertyPath: m_Materials.Array.size
      value: 2
      objectReference: {fileID: 0}
    - target: {fileID: -8613296598002283312, guid: cd8bb6ffb5e573a46815653492decd87,
        type: 3}
      propertyPath: m_Materials.Array.data[1]
      value: 
      objectReference: {fileID: 2100000, guid: eed3e54330c86224fae4890ea5ec962c, type: 2}
    - target: {fileID: -8500513782925163041, guid: cd8bb6ffb5e573a46815653492decd87,
        type: 3}
      propertyPath: m_Materials.Array.size
      value: 2
      objectReference: {fileID: 0}
    - target: {fileID: -8500513782925163041, guid: cd8bb6ffb5e573a46815653492decd87,
        type: 3}
      propertyPath: m_Materials.Array.data[1]
      value: 
      objectReference: {fileID: 2100000, guid: eed3e54330c86224fae4890ea5ec962c, type: 2}
    - target: {fileID: -8499477474140820632, guid: cd8bb6ffb5e573a46815653492decd87,
        type: 3}
      propertyPath: m_Materials.Array.size
      value: 2
      objectReference: {fileID: 0}
    - target: {fileID: -8499477474140820632, guid: cd8bb6ffb5e573a46815653492decd87,
        type: 3}
      propertyPath: m_Materials.Array.data[1]
      value: 
      objectReference: {fileID: 2100000, guid: eed3e54330c86224fae4890ea5ec962c, type: 2}
    - target: {fileID: -8468995888683401418, guid: cd8bb6ffb5e573a46815653492decd87,
        type: 3}
      propertyPath: m_Materials.Array.size
      value: 2
      objectReference: {fileID: 0}
    - target: {fileID: -8468995888683401418, guid: cd8bb6ffb5e573a46815653492decd87,
        type: 3}
      propertyPath: m_Materials.Array.data[1]
      value: 
      objectReference: {fileID: 2100000, guid: eed3e54330c86224fae4890ea5ec962c, type: 2}
    - target: {fileID: -8382091343378739826, guid: cd8bb6ffb5e573a46815653492decd87,
        type: 3}
      propertyPath: m_Materials.Array.size
      value: 2
      objectReference: {fileID: 0}
    - target: {fileID: -8382091343378739826, guid: cd8bb6ffb5e573a46815653492decd87,
        type: 3}
      propertyPath: m_Materials.Array.data[1]
      value: 
      objectReference: {fileID: 2100000, guid: eed3e54330c86224fae4890ea5ec962c, type: 2}
    - target: {fileID: -8133009397312176073, guid: cd8bb6ffb5e573a46815653492decd87,
        type: 3}
      propertyPath: m_Materials.Array.size
      value: 2
      objectReference: {fileID: 0}
    - target: {fileID: -8133009397312176073, guid: cd8bb6ffb5e573a46815653492decd87,
        type: 3}
      propertyPath: m_Materials.Array.data[1]
      value: 
      objectReference: {fileID: 2100000, guid: eed3e54330c86224fae4890ea5ec962c, type: 2}
    - target: {fileID: -7965662094804457274, guid: cd8bb6ffb5e573a46815653492decd87,
        type: 3}
      propertyPath: m_Materials.Array.size
      value: 2
      objectReference: {fileID: 0}
    - target: {fileID: -7965662094804457274, guid: cd8bb6ffb5e573a46815653492decd87,
        type: 3}
      propertyPath: m_Materials.Array.data[1]
      value: 
      objectReference: {fileID: 2100000, guid: eed3e54330c86224fae4890ea5ec962c, type: 2}
    - target: {fileID: -7749361920789634276, guid: cd8bb6ffb5e573a46815653492decd87,
        type: 3}
      propertyPath: m_Materials.Array.size
      value: 2
      objectReference: {fileID: 0}
    - target: {fileID: -7749361920789634276, guid: cd8bb6ffb5e573a46815653492decd87,
        type: 3}
      propertyPath: m_Materials.Array.data[1]
      value: 
      objectReference: {fileID: 2100000, guid: eed3e54330c86224fae4890ea5ec962c, type: 2}
    - target: {fileID: -7686260448992950261, guid: cd8bb6ffb5e573a46815653492decd87,
        type: 3}
      propertyPath: m_Materials.Array.size
      value: 2
      objectReference: {fileID: 0}
    - target: {fileID: -7686260448992950261, guid: cd8bb6ffb5e573a46815653492decd87,
        type: 3}
      propertyPath: m_Materials.Array.data[1]
      value: 
      objectReference: {fileID: 2100000, guid: eed3e54330c86224fae4890ea5ec962c, type: 2}
    - target: {fileID: -7496242523775865340, guid: cd8bb6ffb5e573a46815653492decd87,
        type: 3}
      propertyPath: m_Materials.Array.size
      value: 2
      objectReference: {fileID: 0}
    - target: {fileID: -7496242523775865340, guid: cd8bb6ffb5e573a46815653492decd87,
        type: 3}
      propertyPath: m_Materials.Array.data[1]
      value: 
      objectReference: {fileID: 2100000, guid: eed3e54330c86224fae4890ea5ec962c, type: 2}
    - target: {fileID: -7491648294187618416, guid: cd8bb6ffb5e573a46815653492decd87,
        type: 3}
      propertyPath: m_Materials.Array.size
      value: 2
      objectReference: {fileID: 0}
    - target: {fileID: -7491648294187618416, guid: cd8bb6ffb5e573a46815653492decd87,
        type: 3}
      propertyPath: m_Materials.Array.data[1]
      value: 
      objectReference: {fileID: 2100000, guid: eed3e54330c86224fae4890ea5ec962c, type: 2}
    - target: {fileID: -7489383437625744372, guid: cd8bb6ffb5e573a46815653492decd87,
        type: 3}
      propertyPath: m_Materials.Array.size
      value: 2
      objectReference: {fileID: 0}
    - target: {fileID: -7489383437625744372, guid: cd8bb6ffb5e573a46815653492decd87,
        type: 3}
      propertyPath: m_Materials.Array.data[1]
      value: 
      objectReference: {fileID: 2100000, guid: eed3e54330c86224fae4890ea5ec962c, type: 2}
    - target: {fileID: -7430461234658601451, guid: cd8bb6ffb5e573a46815653492decd87,
        type: 3}
      propertyPath: m_Materials.Array.size
      value: 2
      objectReference: {fileID: 0}
    - target: {fileID: -7430461234658601451, guid: cd8bb6ffb5e573a46815653492decd87,
        type: 3}
      propertyPath: m_Materials.Array.data[1]
      value: 
      objectReference: {fileID: 2100000, guid: eed3e54330c86224fae4890ea5ec962c, type: 2}
    - target: {fileID: -7378235206497868194, guid: cd8bb6ffb5e573a46815653492decd87,
        type: 3}
      propertyPath: m_Materials.Array.size
      value: 2
      objectReference: {fileID: 0}
    - target: {fileID: -7378235206497868194, guid: cd8bb6ffb5e573a46815653492decd87,
        type: 3}
      propertyPath: m_Materials.Array.data[1]
      value: 
      objectReference: {fileID: 2100000, guid: eed3e54330c86224fae4890ea5ec962c, type: 2}
    - target: {fileID: -7162954329034821066, guid: cd8bb6ffb5e573a46815653492decd87,
        type: 3}
      propertyPath: m_Materials.Array.size
      value: 2
      objectReference: {fileID: 0}
    - target: {fileID: -7162954329034821066, guid: cd8bb6ffb5e573a46815653492decd87,
        type: 3}
      propertyPath: m_Materials.Array.data[1]
      value: 
      objectReference: {fileID: 2100000, guid: eed3e54330c86224fae4890ea5ec962c, type: 2}
    - target: {fileID: -7120595381646054265, guid: cd8bb6ffb5e573a46815653492decd87,
        type: 3}
      propertyPath: m_Materials.Array.size
      value: 2
      objectReference: {fileID: 0}
    - target: {fileID: -7120595381646054265, guid: cd8bb6ffb5e573a46815653492decd87,
        type: 3}
      propertyPath: m_Materials.Array.data[1]
      value: 
      objectReference: {fileID: 2100000, guid: eed3e54330c86224fae4890ea5ec962c, type: 2}
    - target: {fileID: -7113287728939770986, guid: cd8bb6ffb5e573a46815653492decd87,
        type: 3}
      propertyPath: m_Materials.Array.size
      value: 2
      objectReference: {fileID: 0}
    - target: {fileID: -7113287728939770986, guid: cd8bb6ffb5e573a46815653492decd87,
        type: 3}
      propertyPath: m_Materials.Array.data[1]
      value: 
      objectReference: {fileID: 2100000, guid: eed3e54330c86224fae4890ea5ec962c, type: 2}
    - target: {fileID: -7014469599739387770, guid: cd8bb6ffb5e573a46815653492decd87,
        type: 3}
      propertyPath: m_Materials.Array.size
      value: 2
      objectReference: {fileID: 0}
    - target: {fileID: -7014469599739387770, guid: cd8bb6ffb5e573a46815653492decd87,
        type: 3}
      propertyPath: m_Materials.Array.data[1]
      value: 
      objectReference: {fileID: 2100000, guid: eed3e54330c86224fae4890ea5ec962c, type: 2}
    - target: {fileID: -6905849993508956728, guid: cd8bb6ffb5e573a46815653492decd87,
        type: 3}
      propertyPath: m_Materials.Array.size
      value: 2
      objectReference: {fileID: 0}
    - target: {fileID: -6905849993508956728, guid: cd8bb6ffb5e573a46815653492decd87,
        type: 3}
      propertyPath: m_Materials.Array.data[1]
      value: 
      objectReference: {fileID: 2100000, guid: eed3e54330c86224fae4890ea5ec962c, type: 2}
    - target: {fileID: -6547484782497018191, guid: cd8bb6ffb5e573a46815653492decd87,
        type: 3}
      propertyPath: m_Materials.Array.size
      value: 2
      objectReference: {fileID: 0}
    - target: {fileID: -6547484782497018191, guid: cd8bb6ffb5e573a46815653492decd87,
        type: 3}
      propertyPath: m_Materials.Array.data[1]
      value: 
      objectReference: {fileID: 2100000, guid: eed3e54330c86224fae4890ea5ec962c, type: 2}
    - target: {fileID: -6290167328003505975, guid: cd8bb6ffb5e573a46815653492decd87,
        type: 3}
      propertyPath: m_Materials.Array.size
      value: 2
      objectReference: {fileID: 0}
    - target: {fileID: -6290167328003505975, guid: cd8bb6ffb5e573a46815653492decd87,
        type: 3}
      propertyPath: m_Materials.Array.data[1]
      value: 
      objectReference: {fileID: 2100000, guid: eed3e54330c86224fae4890ea5ec962c, type: 2}
    - target: {fileID: -6243828349995514683, guid: cd8bb6ffb5e573a46815653492decd87,
        type: 3}
      propertyPath: m_Materials.Array.size
      value: 2
      objectReference: {fileID: 0}
    - target: {fileID: -6243828349995514683, guid: cd8bb6ffb5e573a46815653492decd87,
        type: 3}
      propertyPath: m_Materials.Array.data[1]
      value: 
      objectReference: {fileID: 2100000, guid: eed3e54330c86224fae4890ea5ec962c, type: 2}
    - target: {fileID: -6180865927715366393, guid: cd8bb6ffb5e573a46815653492decd87,
        type: 3}
      propertyPath: m_Materials.Array.size
      value: 2
      objectReference: {fileID: 0}
    - target: {fileID: -6180865927715366393, guid: cd8bb6ffb5e573a46815653492decd87,
        type: 3}
      propertyPath: m_Materials.Array.data[1]
      value: 
      objectReference: {fileID: 2100000, guid: eed3e54330c86224fae4890ea5ec962c, type: 2}
    - target: {fileID: -6165823045116225921, guid: cd8bb6ffb5e573a46815653492decd87,
        type: 3}
      propertyPath: m_Materials.Array.size
      value: 2
      objectReference: {fileID: 0}
    - target: {fileID: -6165823045116225921, guid: cd8bb6ffb5e573a46815653492decd87,
        type: 3}
      propertyPath: m_Materials.Array.data[1]
      value: 
      objectReference: {fileID: 2100000, guid: eed3e54330c86224fae4890ea5ec962c, type: 2}
    - target: {fileID: -5811680144717261396, guid: cd8bb6ffb5e573a46815653492decd87,
        type: 3}
      propertyPath: m_Materials.Array.size
      value: 2
      objectReference: {fileID: 0}
    - target: {fileID: -5811680144717261396, guid: cd8bb6ffb5e573a46815653492decd87,
        type: 3}
      propertyPath: m_Materials.Array.data[1]
      value: 
      objectReference: {fileID: 2100000, guid: eed3e54330c86224fae4890ea5ec962c, type: 2}
    - target: {fileID: -5621030428896070882, guid: cd8bb6ffb5e573a46815653492decd87,
        type: 3}
      propertyPath: m_Materials.Array.size
      value: 2
      objectReference: {fileID: 0}
    - target: {fileID: -5621030428896070882, guid: cd8bb6ffb5e573a46815653492decd87,
        type: 3}
      propertyPath: m_Materials.Array.data[1]
      value: 
      objectReference: {fileID: 2100000, guid: eed3e54330c86224fae4890ea5ec962c, type: 2}
    - target: {fileID: -5512757314955106986, guid: cd8bb6ffb5e573a46815653492decd87,
        type: 3}
      propertyPath: m_Materials.Array.size
      value: 2
      objectReference: {fileID: 0}
    - target: {fileID: -5512757314955106986, guid: cd8bb6ffb5e573a46815653492decd87,
        type: 3}
      propertyPath: m_Materials.Array.data[1]
      value: 
      objectReference: {fileID: 2100000, guid: eed3e54330c86224fae4890ea5ec962c, type: 2}
    - target: {fileID: -5402960469450353217, guid: cd8bb6ffb5e573a46815653492decd87,
        type: 3}
      propertyPath: m_Materials.Array.size
      value: 2
      objectReference: {fileID: 0}
    - target: {fileID: -5402960469450353217, guid: cd8bb6ffb5e573a46815653492decd87,
        type: 3}
      propertyPath: m_Materials.Array.data[1]
      value: 
      objectReference: {fileID: 2100000, guid: eed3e54330c86224fae4890ea5ec962c, type: 2}
    - target: {fileID: -5141080277145331735, guid: cd8bb6ffb5e573a46815653492decd87,
        type: 3}
      propertyPath: m_Materials.Array.size
      value: 2
      objectReference: {fileID: 0}
    - target: {fileID: -5141080277145331735, guid: cd8bb6ffb5e573a46815653492decd87,
        type: 3}
      propertyPath: m_Materials.Array.data[1]
      value: 
      objectReference: {fileID: 2100000, guid: eed3e54330c86224fae4890ea5ec962c, type: 2}
    - target: {fileID: -5134541011370477140, guid: cd8bb6ffb5e573a46815653492decd87,
        type: 3}
      propertyPath: m_Materials.Array.size
      value: 2
      objectReference: {fileID: 0}
    - target: {fileID: -5134541011370477140, guid: cd8bb6ffb5e573a46815653492decd87,
        type: 3}
      propertyPath: m_Materials.Array.data[1]
      value: 
      objectReference: {fileID: 2100000, guid: eed3e54330c86224fae4890ea5ec962c, type: 2}
    - target: {fileID: -4871578613564380122, guid: cd8bb6ffb5e573a46815653492decd87,
        type: 3}
      propertyPath: m_Materials.Array.size
      value: 2
      objectReference: {fileID: 0}
    - target: {fileID: -4871578613564380122, guid: cd8bb6ffb5e573a46815653492decd87,
        type: 3}
      propertyPath: m_Materials.Array.data[1]
      value: 
      objectReference: {fileID: 2100000, guid: eed3e54330c86224fae4890ea5ec962c, type: 2}
    - target: {fileID: -4824867051224100297, guid: cd8bb6ffb5e573a46815653492decd87,
        type: 3}
      propertyPath: m_Materials.Array.size
      value: 2
      objectReference: {fileID: 0}
    - target: {fileID: -4824867051224100297, guid: cd8bb6ffb5e573a46815653492decd87,
        type: 3}
      propertyPath: m_Materials.Array.data[1]
      value: 
      objectReference: {fileID: 2100000, guid: eed3e54330c86224fae4890ea5ec962c, type: 2}
    - target: {fileID: -4824580102843391194, guid: cd8bb6ffb5e573a46815653492decd87,
        type: 3}
      propertyPath: m_Materials.Array.size
      value: 2
      objectReference: {fileID: 0}
    - target: {fileID: -4824580102843391194, guid: cd8bb6ffb5e573a46815653492decd87,
        type: 3}
      propertyPath: m_Materials.Array.data[1]
      value: 
      objectReference: {fileID: 2100000, guid: eed3e54330c86224fae4890ea5ec962c, type: 2}
    - target: {fileID: -4749156528545503676, guid: cd8bb6ffb5e573a46815653492decd87,
        type: 3}
      propertyPath: m_Materials.Array.size
      value: 2
      objectReference: {fileID: 0}
    - target: {fileID: -4749156528545503676, guid: cd8bb6ffb5e573a46815653492decd87,
        type: 3}
      propertyPath: m_Materials.Array.data[1]
      value: 
      objectReference: {fileID: 2100000, guid: eed3e54330c86224fae4890ea5ec962c, type: 2}
    - target: {fileID: -4528339952781341142, guid: cd8bb6ffb5e573a46815653492decd87,
        type: 3}
      propertyPath: m_Materials.Array.size
      value: 2
      objectReference: {fileID: 0}
    - target: {fileID: -4528339952781341142, guid: cd8bb6ffb5e573a46815653492decd87,
        type: 3}
      propertyPath: m_Materials.Array.data[1]
      value: 
      objectReference: {fileID: 2100000, guid: eed3e54330c86224fae4890ea5ec962c, type: 2}
    - target: {fileID: -4260779474484994875, guid: cd8bb6ffb5e573a46815653492decd87,
        type: 3}
      propertyPath: m_Materials.Array.size
      value: 2
      objectReference: {fileID: 0}
    - target: {fileID: -4260779474484994875, guid: cd8bb6ffb5e573a46815653492decd87,
        type: 3}
      propertyPath: m_Materials.Array.data[1]
      value: 
      objectReference: {fileID: 2100000, guid: eed3e54330c86224fae4890ea5ec962c, type: 2}
    - target: {fileID: -4206679360229836109, guid: cd8bb6ffb5e573a46815653492decd87,
        type: 3}
      propertyPath: m_Materials.Array.size
      value: 2
      objectReference: {fileID: 0}
    - target: {fileID: -4206679360229836109, guid: cd8bb6ffb5e573a46815653492decd87,
        type: 3}
      propertyPath: m_Materials.Array.data[1]
      value: 
      objectReference: {fileID: 2100000, guid: eed3e54330c86224fae4890ea5ec962c, type: 2}
    - target: {fileID: -4147454270238660705, guid: cd8bb6ffb5e573a46815653492decd87,
        type: 3}
      propertyPath: m_Materials.Array.size
      value: 2
      objectReference: {fileID: 0}
    - target: {fileID: -4147454270238660705, guid: cd8bb6ffb5e573a46815653492decd87,
        type: 3}
      propertyPath: m_Materials.Array.data[1]
      value: 
      objectReference: {fileID: 2100000, guid: eed3e54330c86224fae4890ea5ec962c, type: 2}
    - target: {fileID: -4111399095232727091, guid: cd8bb6ffb5e573a46815653492decd87,
        type: 3}
      propertyPath: m_Materials.Array.size
      value: 2
      objectReference: {fileID: 0}
    - target: {fileID: -4111399095232727091, guid: cd8bb6ffb5e573a46815653492decd87,
        type: 3}
      propertyPath: m_Materials.Array.data[1]
      value: 
      objectReference: {fileID: 2100000, guid: eed3e54330c86224fae4890ea5ec962c, type: 2}
    - target: {fileID: -4083234241135800089, guid: cd8bb6ffb5e573a46815653492decd87,
        type: 3}
      propertyPath: m_Materials.Array.size
      value: 2
      objectReference: {fileID: 0}
    - target: {fileID: -4083234241135800089, guid: cd8bb6ffb5e573a46815653492decd87,
        type: 3}
      propertyPath: m_Materials.Array.data[1]
      value: 
      objectReference: {fileID: 2100000, guid: eed3e54330c86224fae4890ea5ec962c, type: 2}
    - target: {fileID: -3890832614166812745, guid: cd8bb6ffb5e573a46815653492decd87,
        type: 3}
      propertyPath: m_Materials.Array.size
      value: 2
      objectReference: {fileID: 0}
    - target: {fileID: -3890832614166812745, guid: cd8bb6ffb5e573a46815653492decd87,
        type: 3}
      propertyPath: m_Materials.Array.data[1]
      value: 
      objectReference: {fileID: 2100000, guid: eed3e54330c86224fae4890ea5ec962c, type: 2}
    - target: {fileID: -3873420641251581070, guid: cd8bb6ffb5e573a46815653492decd87,
        type: 3}
      propertyPath: m_Materials.Array.size
      value: 2
      objectReference: {fileID: 0}
    - target: {fileID: -3873420641251581070, guid: cd8bb6ffb5e573a46815653492decd87,
        type: 3}
      propertyPath: m_Materials.Array.data[1]
      value: 
      objectReference: {fileID: 2100000, guid: eed3e54330c86224fae4890ea5ec962c, type: 2}
    - target: {fileID: -3829686706391632687, guid: cd8bb6ffb5e573a46815653492decd87,
        type: 3}
      propertyPath: m_Materials.Array.size
      value: 2
      objectReference: {fileID: 0}
    - target: {fileID: -3829686706391632687, guid: cd8bb6ffb5e573a46815653492decd87,
        type: 3}
      propertyPath: m_Materials.Array.data[1]
      value: 
      objectReference: {fileID: 2100000, guid: eed3e54330c86224fae4890ea5ec962c, type: 2}
    - target: {fileID: -3688552090798368298, guid: cd8bb6ffb5e573a46815653492decd87,
        type: 3}
      propertyPath: m_Materials.Array.size
      value: 2
      objectReference: {fileID: 0}
    - target: {fileID: -3688552090798368298, guid: cd8bb6ffb5e573a46815653492decd87,
        type: 3}
      propertyPath: m_Materials.Array.data[1]
      value: 
      objectReference: {fileID: 2100000, guid: eed3e54330c86224fae4890ea5ec962c, type: 2}
    - target: {fileID: -3367845006278670977, guid: cd8bb6ffb5e573a46815653492decd87,
        type: 3}
      propertyPath: m_Materials.Array.size
      value: 2
      objectReference: {fileID: 0}
    - target: {fileID: -3367845006278670977, guid: cd8bb6ffb5e573a46815653492decd87,
        type: 3}
      propertyPath: m_Materials.Array.data[1]
      value: 
      objectReference: {fileID: 2100000, guid: eed3e54330c86224fae4890ea5ec962c, type: 2}
    - target: {fileID: -3345536314896716234, guid: cd8bb6ffb5e573a46815653492decd87,
        type: 3}
      propertyPath: m_Materials.Array.size
      value: 2
      objectReference: {fileID: 0}
    - target: {fileID: -3345536314896716234, guid: cd8bb6ffb5e573a46815653492decd87,
        type: 3}
      propertyPath: m_Materials.Array.data[1]
      value: 
      objectReference: {fileID: 2100000, guid: eed3e54330c86224fae4890ea5ec962c, type: 2}
    - target: {fileID: -3195828791156449804, guid: cd8bb6ffb5e573a46815653492decd87,
        type: 3}
      propertyPath: m_Materials.Array.size
      value: 2
      objectReference: {fileID: 0}
    - target: {fileID: -3195828791156449804, guid: cd8bb6ffb5e573a46815653492decd87,
        type: 3}
      propertyPath: m_Materials.Array.data[0]
      value: 
      objectReference: {fileID: 2100000, guid: 06ee5cf3213271041830338d94f3e83e, type: 2}
    - target: {fileID: -3195828791156449804, guid: cd8bb6ffb5e573a46815653492decd87,
        type: 3}
      propertyPath: m_Materials.Array.data[1]
      value: 
      objectReference: {fileID: 2100000, guid: 112ca26b42fb60d45a3249db3ceaa2fe, type: 2}
    - target: {fileID: -2949926865476304336, guid: cd8bb6ffb5e573a46815653492decd87,
        type: 3}
      propertyPath: m_Materials.Array.size
      value: 2
      objectReference: {fileID: 0}
    - target: {fileID: -2949926865476304336, guid: cd8bb6ffb5e573a46815653492decd87,
        type: 3}
      propertyPath: m_Materials.Array.data[1]
      value: 
      objectReference: {fileID: 2100000, guid: eed3e54330c86224fae4890ea5ec962c, type: 2}
    - target: {fileID: -2573003084777124357, guid: cd8bb6ffb5e573a46815653492decd87,
        type: 3}
      propertyPath: m_Materials.Array.size
      value: 2
      objectReference: {fileID: 0}
    - target: {fileID: -2573003084777124357, guid: cd8bb6ffb5e573a46815653492decd87,
        type: 3}
      propertyPath: m_Materials.Array.data[1]
      value: 
      objectReference: {fileID: 2100000, guid: eed3e54330c86224fae4890ea5ec962c, type: 2}
    - target: {fileID: -2244736169126749584, guid: cd8bb6ffb5e573a46815653492decd87,
        type: 3}
      propertyPath: m_Materials.Array.size
      value: 2
      objectReference: {fileID: 0}
    - target: {fileID: -2244736169126749584, guid: cd8bb6ffb5e573a46815653492decd87,
        type: 3}
      propertyPath: m_Materials.Array.data[1]
      value: 
      objectReference: {fileID: 2100000, guid: eed3e54330c86224fae4890ea5ec962c, type: 2}
    - target: {fileID: -2200010654737768223, guid: cd8bb6ffb5e573a46815653492decd87,
        type: 3}
      propertyPath: m_Materials.Array.size
      value: 2
      objectReference: {fileID: 0}
    - target: {fileID: -2200010654737768223, guid: cd8bb6ffb5e573a46815653492decd87,
        type: 3}
      propertyPath: m_Materials.Array.data[1]
      value: 
      objectReference: {fileID: 2100000, guid: eed3e54330c86224fae4890ea5ec962c, type: 2}
    - target: {fileID: -1901079016658997710, guid: cd8bb6ffb5e573a46815653492decd87,
        type: 3}
      propertyPath: m_Materials.Array.size
      value: 2
      objectReference: {fileID: 0}
    - target: {fileID: -1901079016658997710, guid: cd8bb6ffb5e573a46815653492decd87,
        type: 3}
      propertyPath: m_Materials.Array.data[1]
      value: 
      objectReference: {fileID: 2100000, guid: eed3e54330c86224fae4890ea5ec962c, type: 2}
    - target: {fileID: -1885733638106792838, guid: cd8bb6ffb5e573a46815653492decd87,
        type: 3}
      propertyPath: m_Materials.Array.size
      value: 2
      objectReference: {fileID: 0}
    - target: {fileID: -1885733638106792838, guid: cd8bb6ffb5e573a46815653492decd87,
        type: 3}
      propertyPath: m_Materials.Array.data[1]
      value: 
      objectReference: {fileID: 2100000, guid: eed3e54330c86224fae4890ea5ec962c, type: 2}
    - target: {fileID: -1839670311654166508, guid: cd8bb6ffb5e573a46815653492decd87,
        type: 3}
      propertyPath: m_Materials.Array.size
      value: 2
      objectReference: {fileID: 0}
    - target: {fileID: -1839670311654166508, guid: cd8bb6ffb5e573a46815653492decd87,
        type: 3}
      propertyPath: m_Materials.Array.data[1]
      value: 
      objectReference: {fileID: 2100000, guid: eed3e54330c86224fae4890ea5ec962c, type: 2}
    - target: {fileID: -1823322365421230674, guid: cd8bb6ffb5e573a46815653492decd87,
        type: 3}
      propertyPath: m_Materials.Array.size
      value: 2
      objectReference: {fileID: 0}
    - target: {fileID: -1823322365421230674, guid: cd8bb6ffb5e573a46815653492decd87,
        type: 3}
      propertyPath: m_Materials.Array.data[0]
      value: 
      objectReference: {fileID: 2100000, guid: 6725237c00ad1044399d58fa0efba53e, type: 2}
    - target: {fileID: -1823322365421230674, guid: cd8bb6ffb5e573a46815653492decd87,
        type: 3}
      propertyPath: m_Materials.Array.data[1]
      value: 
      objectReference: {fileID: 2100000, guid: 112ca26b42fb60d45a3249db3ceaa2fe, type: 2}
    - target: {fileID: -1642134934281488098, guid: cd8bb6ffb5e573a46815653492decd87,
        type: 3}
      propertyPath: m_Materials.Array.size
      value: 2
      objectReference: {fileID: 0}
    - target: {fileID: -1642134934281488098, guid: cd8bb6ffb5e573a46815653492decd87,
        type: 3}
      propertyPath: m_Materials.Array.data[1]
      value: 
      objectReference: {fileID: 2100000, guid: eed3e54330c86224fae4890ea5ec962c, type: 2}
    - target: {fileID: -1501551197115098668, guid: cd8bb6ffb5e573a46815653492decd87,
        type: 3}
      propertyPath: m_Materials.Array.size
      value: 2
      objectReference: {fileID: 0}
    - target: {fileID: -1501551197115098668, guid: cd8bb6ffb5e573a46815653492decd87,
        type: 3}
      propertyPath: m_Materials.Array.data[1]
      value: 
      objectReference: {fileID: 2100000, guid: eed3e54330c86224fae4890ea5ec962c, type: 2}
    - target: {fileID: -1098284890201725978, guid: cd8bb6ffb5e573a46815653492decd87,
        type: 3}
      propertyPath: m_Materials.Array.size
      value: 2
      objectReference: {fileID: 0}
    - target: {fileID: -1098284890201725978, guid: cd8bb6ffb5e573a46815653492decd87,
        type: 3}
      propertyPath: m_Materials.Array.data[1]
      value: 
      objectReference: {fileID: 2100000, guid: eed3e54330c86224fae4890ea5ec962c, type: 2}
    - target: {fileID: -1090162704332218174, guid: cd8bb6ffb5e573a46815653492decd87,
        type: 3}
      propertyPath: m_Materials.Array.size
      value: 2
      objectReference: {fileID: 0}
    - target: {fileID: -1090162704332218174, guid: cd8bb6ffb5e573a46815653492decd87,
        type: 3}
      propertyPath: m_Materials.Array.data[1]
      value: 
      objectReference: {fileID: 2100000, guid: eed3e54330c86224fae4890ea5ec962c, type: 2}
    - target: {fileID: -824166448878837623, guid: cd8bb6ffb5e573a46815653492decd87,
        type: 3}
      propertyPath: m_Materials.Array.size
      value: 2
      objectReference: {fileID: 0}
    - target: {fileID: -824166448878837623, guid: cd8bb6ffb5e573a46815653492decd87,
        type: 3}
      propertyPath: m_Materials.Array.data[1]
      value: 
      objectReference: {fileID: 2100000, guid: eed3e54330c86224fae4890ea5ec962c, type: 2}
    - target: {fileID: -628901263513590690, guid: cd8bb6ffb5e573a46815653492decd87,
        type: 3}
      propertyPath: m_Materials.Array.size
      value: 2
      objectReference: {fileID: 0}
    - target: {fileID: -628901263513590690, guid: cd8bb6ffb5e573a46815653492decd87,
        type: 3}
      propertyPath: m_Materials.Array.data[1]
      value: 
      objectReference: {fileID: 2100000, guid: eed3e54330c86224fae4890ea5ec962c, type: 2}
    - target: {fileID: -552430051680751308, guid: cd8bb6ffb5e573a46815653492decd87,
        type: 3}
      propertyPath: m_Materials.Array.size
      value: 2
      objectReference: {fileID: 0}
    - target: {fileID: -552430051680751308, guid: cd8bb6ffb5e573a46815653492decd87,
        type: 3}
      propertyPath: m_Materials.Array.data[1]
      value: 
      objectReference: {fileID: 2100000, guid: eed3e54330c86224fae4890ea5ec962c, type: 2}
    - target: {fileID: -526587715147601151, guid: cd8bb6ffb5e573a46815653492decd87,
        type: 3}
      propertyPath: m_Materials.Array.size
      value: 2
      objectReference: {fileID: 0}
    - target: {fileID: -526587715147601151, guid: cd8bb6ffb5e573a46815653492decd87,
        type: 3}
      propertyPath: m_Materials.Array.data[1]
      value: 
      objectReference: {fileID: 2100000, guid: eed3e54330c86224fae4890ea5ec962c, type: 2}
    - target: {fileID: -326492589007685870, guid: cd8bb6ffb5e573a46815653492decd87,
        type: 3}
      propertyPath: m_Materials.Array.size
      value: 2
      objectReference: {fileID: 0}
    - target: {fileID: -326492589007685870, guid: cd8bb6ffb5e573a46815653492decd87,
        type: 3}
      propertyPath: m_Materials.Array.data[1]
      value: 
      objectReference: {fileID: 2100000, guid: eed3e54330c86224fae4890ea5ec962c, type: 2}
    - target: {fileID: -261774751590842345, guid: cd8bb6ffb5e573a46815653492decd87,
        type: 3}
      propertyPath: m_Materials.Array.size
      value: 2
      objectReference: {fileID: 0}
    - target: {fileID: -261774751590842345, guid: cd8bb6ffb5e573a46815653492decd87,
        type: 3}
      propertyPath: m_Materials.Array.data[1]
      value: 
      objectReference: {fileID: 2100000, guid: eed3e54330c86224fae4890ea5ec962c, type: 2}
    - target: {fileID: -227101729275039079, guid: cd8bb6ffb5e573a46815653492decd87,
        type: 3}
      propertyPath: m_Materials.Array.size
      value: 2
      objectReference: {fileID: 0}
    - target: {fileID: -227101729275039079, guid: cd8bb6ffb5e573a46815653492decd87,
        type: 3}
      propertyPath: m_Materials.Array.data[1]
      value: 
      objectReference: {fileID: 2100000, guid: eed3e54330c86224fae4890ea5ec962c, type: 2}
    - target: {fileID: -179833662086752758, guid: cd8bb6ffb5e573a46815653492decd87,
        type: 3}
      propertyPath: m_Materials.Array.size
      value: 2
      objectReference: {fileID: 0}
    - target: {fileID: -179833662086752758, guid: cd8bb6ffb5e573a46815653492decd87,
        type: 3}
      propertyPath: m_Materials.Array.data[1]
      value: 
      objectReference: {fileID: 2100000, guid: eed3e54330c86224fae4890ea5ec962c, type: 2}
    - target: {fileID: -65141004589152126, guid: cd8bb6ffb5e573a46815653492decd87,
        type: 3}
      propertyPath: m_Materials.Array.size
      value: 2
      objectReference: {fileID: 0}
    - target: {fileID: -65141004589152126, guid: cd8bb6ffb5e573a46815653492decd87,
        type: 3}
      propertyPath: m_Materials.Array.data[1]
      value: 
      objectReference: {fileID: 2100000, guid: eed3e54330c86224fae4890ea5ec962c, type: 2}
    - target: {fileID: 109014924233591392, guid: cd8bb6ffb5e573a46815653492decd87,
        type: 3}
      propertyPath: m_Materials.Array.size
      value: 2
      objectReference: {fileID: 0}
    - target: {fileID: 109014924233591392, guid: cd8bb6ffb5e573a46815653492decd87,
        type: 3}
      propertyPath: m_Materials.Array.data[1]
      value: 
      objectReference: {fileID: 2100000, guid: eed3e54330c86224fae4890ea5ec962c, type: 2}
    - target: {fileID: 149091542148279416, guid: cd8bb6ffb5e573a46815653492decd87,
        type: 3}
      propertyPath: m_Materials.Array.size
      value: 2
      objectReference: {fileID: 0}
    - target: {fileID: 149091542148279416, guid: cd8bb6ffb5e573a46815653492decd87,
        type: 3}
      propertyPath: m_Materials.Array.data[1]
      value: 
      objectReference: {fileID: 2100000, guid: eed3e54330c86224fae4890ea5ec962c, type: 2}
    - target: {fileID: 152670053005712741, guid: cd8bb6ffb5e573a46815653492decd87,
        type: 3}
      propertyPath: m_Materials.Array.size
      value: 2
      objectReference: {fileID: 0}
    - target: {fileID: 152670053005712741, guid: cd8bb6ffb5e573a46815653492decd87,
        type: 3}
      propertyPath: m_Materials.Array.data[1]
      value: 
      objectReference: {fileID: 2100000, guid: eed3e54330c86224fae4890ea5ec962c, type: 2}
    - target: {fileID: 247381463829065764, guid: cd8bb6ffb5e573a46815653492decd87,
        type: 3}
      propertyPath: m_Materials.Array.size
      value: 2
      objectReference: {fileID: 0}
    - target: {fileID: 247381463829065764, guid: cd8bb6ffb5e573a46815653492decd87,
        type: 3}
      propertyPath: m_Materials.Array.data[1]
      value: 
      objectReference: {fileID: 2100000, guid: eed3e54330c86224fae4890ea5ec962c, type: 2}
    - target: {fileID: 381401694915775278, guid: cd8bb6ffb5e573a46815653492decd87,
        type: 3}
      propertyPath: m_Materials.Array.size
      value: 2
      objectReference: {fileID: 0}
    - target: {fileID: 381401694915775278, guid: cd8bb6ffb5e573a46815653492decd87,
        type: 3}
      propertyPath: m_Materials.Array.data[1]
      value: 
      objectReference: {fileID: 2100000, guid: eed3e54330c86224fae4890ea5ec962c, type: 2}
    - target: {fileID: 553033941676967719, guid: cd8bb6ffb5e573a46815653492decd87,
        type: 3}
      propertyPath: m_Materials.Array.size
      value: 2
      objectReference: {fileID: 0}
    - target: {fileID: 553033941676967719, guid: cd8bb6ffb5e573a46815653492decd87,
        type: 3}
      propertyPath: m_Materials.Array.data[1]
      value: 
      objectReference: {fileID: 2100000, guid: eed3e54330c86224fae4890ea5ec962c, type: 2}
    - target: {fileID: 784228066943239220, guid: cd8bb6ffb5e573a46815653492decd87,
        type: 3}
      propertyPath: m_Materials.Array.size
      value: 2
      objectReference: {fileID: 0}
    - target: {fileID: 784228066943239220, guid: cd8bb6ffb5e573a46815653492decd87,
        type: 3}
      propertyPath: m_Materials.Array.data[1]
      value: 
      objectReference: {fileID: 2100000, guid: eed3e54330c86224fae4890ea5ec962c, type: 2}
    - target: {fileID: 854369804101765182, guid: cd8bb6ffb5e573a46815653492decd87,
        type: 3}
      propertyPath: m_Materials.Array.size
      value: 2
      objectReference: {fileID: 0}
    - target: {fileID: 854369804101765182, guid: cd8bb6ffb5e573a46815653492decd87,
        type: 3}
      propertyPath: m_Materials.Array.data[1]
      value: 
      objectReference: {fileID: 2100000, guid: eed3e54330c86224fae4890ea5ec962c, type: 2}
    - target: {fileID: 919132149155446097, guid: cd8bb6ffb5e573a46815653492decd87,
        type: 3}
      propertyPath: m_Name
      value: cactus
      objectReference: {fileID: 0}
    - target: {fileID: 1048250274769017613, guid: cd8bb6ffb5e573a46815653492decd87,
        type: 3}
      propertyPath: m_Materials.Array.size
      value: 2
      objectReference: {fileID: 0}
    - target: {fileID: 1048250274769017613, guid: cd8bb6ffb5e573a46815653492decd87,
        type: 3}
      propertyPath: m_Materials.Array.data[1]
      value: 
      objectReference: {fileID: 2100000, guid: eed3e54330c86224fae4890ea5ec962c, type: 2}
    - target: {fileID: 1418950052766239074, guid: cd8bb6ffb5e573a46815653492decd87,
        type: 3}
      propertyPath: m_Materials.Array.size
      value: 2
      objectReference: {fileID: 0}
    - target: {fileID: 1418950052766239074, guid: cd8bb6ffb5e573a46815653492decd87,
        type: 3}
      propertyPath: m_Materials.Array.data[1]
      value: 
      objectReference: {fileID: 2100000, guid: eed3e54330c86224fae4890ea5ec962c, type: 2}
    - target: {fileID: 1704748600411232149, guid: cd8bb6ffb5e573a46815653492decd87,
        type: 3}
      propertyPath: m_Materials.Array.size
      value: 2
      objectReference: {fileID: 0}
    - target: {fileID: 1704748600411232149, guid: cd8bb6ffb5e573a46815653492decd87,
        type: 3}
      propertyPath: m_Materials.Array.data[1]
      value: 
      objectReference: {fileID: 2100000, guid: eed3e54330c86224fae4890ea5ec962c, type: 2}
    - target: {fileID: 1767219648677680496, guid: cd8bb6ffb5e573a46815653492decd87,
        type: 3}
      propertyPath: m_Materials.Array.size
      value: 2
      objectReference: {fileID: 0}
    - target: {fileID: 1767219648677680496, guid: cd8bb6ffb5e573a46815653492decd87,
        type: 3}
      propertyPath: m_Materials.Array.data[1]
      value: 
      objectReference: {fileID: 2100000, guid: eed3e54330c86224fae4890ea5ec962c, type: 2}
    - target: {fileID: 1874841568569883985, guid: cd8bb6ffb5e573a46815653492decd87,
        type: 3}
      propertyPath: m_Materials.Array.size
      value: 2
      objectReference: {fileID: 0}
    - target: {fileID: 1874841568569883985, guid: cd8bb6ffb5e573a46815653492decd87,
        type: 3}
      propertyPath: m_Materials.Array.data[1]
      value: 
      objectReference: {fileID: 2100000, guid: eed3e54330c86224fae4890ea5ec962c, type: 2}
    - target: {fileID: 1972678722766075156, guid: cd8bb6ffb5e573a46815653492decd87,
        type: 3}
      propertyPath: m_Materials.Array.size
      value: 2
      objectReference: {fileID: 0}
    - target: {fileID: 1972678722766075156, guid: cd8bb6ffb5e573a46815653492decd87,
        type: 3}
      propertyPath: m_Materials.Array.data[1]
      value: 
      objectReference: {fileID: 2100000, guid: eed3e54330c86224fae4890ea5ec962c, type: 2}
    - target: {fileID: 2009866130244331915, guid: cd8bb6ffb5e573a46815653492decd87,
        type: 3}
      propertyPath: m_Materials.Array.size
      value: 2
      objectReference: {fileID: 0}
    - target: {fileID: 2009866130244331915, guid: cd8bb6ffb5e573a46815653492decd87,
        type: 3}
      propertyPath: m_Materials.Array.data[1]
      value: 
      objectReference: {fileID: 2100000, guid: eed3e54330c86224fae4890ea5ec962c, type: 2}
    - target: {fileID: 2093563853533118008, guid: cd8bb6ffb5e573a46815653492decd87,
        type: 3}
      propertyPath: m_Materials.Array.size
      value: 2
      objectReference: {fileID: 0}
    - target: {fileID: 2093563853533118008, guid: cd8bb6ffb5e573a46815653492decd87,
        type: 3}
      propertyPath: m_Materials.Array.data[1]
      value: 
      objectReference: {fileID: 2100000, guid: eed3e54330c86224fae4890ea5ec962c, type: 2}
    - target: {fileID: 2325073521617171770, guid: cd8bb6ffb5e573a46815653492decd87,
        type: 3}
      propertyPath: m_Materials.Array.size
      value: 2
      objectReference: {fileID: 0}
    - target: {fileID: 2325073521617171770, guid: cd8bb6ffb5e573a46815653492decd87,
        type: 3}
      propertyPath: m_Materials.Array.data[1]
      value: 
      objectReference: {fileID: 2100000, guid: eed3e54330c86224fae4890ea5ec962c, type: 2}
    - target: {fileID: 2355982399387309400, guid: cd8bb6ffb5e573a46815653492decd87,
        type: 3}
      propertyPath: m_Materials.Array.size
      value: 2
      objectReference: {fileID: 0}
    - target: {fileID: 2355982399387309400, guid: cd8bb6ffb5e573a46815653492decd87,
        type: 3}
      propertyPath: m_Materials.Array.data[0]
      value: 
      objectReference: {fileID: 2100000, guid: 8b014f9daac7e4e4c9cfcc69e26deb9e, type: 2}
    - target: {fileID: 2355982399387309400, guid: cd8bb6ffb5e573a46815653492decd87,
        type: 3}
      propertyPath: m_Materials.Array.data[1]
      value: 
      objectReference: {fileID: 2100000, guid: 112ca26b42fb60d45a3249db3ceaa2fe, type: 2}
    - target: {fileID: 2474776954771363838, guid: cd8bb6ffb5e573a46815653492decd87,
        type: 3}
      propertyPath: m_Materials.Array.size
      value: 2
      objectReference: {fileID: 0}
    - target: {fileID: 2474776954771363838, guid: cd8bb6ffb5e573a46815653492decd87,
        type: 3}
      propertyPath: m_Materials.Array.data[1]
      value: 
      objectReference: {fileID: 2100000, guid: eed3e54330c86224fae4890ea5ec962c, type: 2}
    - target: {fileID: 2579997587208946900, guid: cd8bb6ffb5e573a46815653492decd87,
        type: 3}
      propertyPath: m_Materials.Array.size
      value: 2
      objectReference: {fileID: 0}
    - target: {fileID: 2579997587208946900, guid: cd8bb6ffb5e573a46815653492decd87,
        type: 3}
      propertyPath: m_Materials.Array.data[1]
      value: 
      objectReference: {fileID: 2100000, guid: eed3e54330c86224fae4890ea5ec962c, type: 2}
    - target: {fileID: 2622647629878419415, guid: cd8bb6ffb5e573a46815653492decd87,
        type: 3}
      propertyPath: m_Materials.Array.size
      value: 2
      objectReference: {fileID: 0}
    - target: {fileID: 2622647629878419415, guid: cd8bb6ffb5e573a46815653492decd87,
        type: 3}
      propertyPath: m_Materials.Array.data[1]
      value: 
      objectReference: {fileID: 2100000, guid: eed3e54330c86224fae4890ea5ec962c, type: 2}
    - target: {fileID: 2685459644809869561, guid: cd8bb6ffb5e573a46815653492decd87,
        type: 3}
      propertyPath: m_Materials.Array.size
      value: 2
      objectReference: {fileID: 0}
    - target: {fileID: 2685459644809869561, guid: cd8bb6ffb5e573a46815653492decd87,
        type: 3}
      propertyPath: m_Materials.Array.data[1]
      value: 
      objectReference: {fileID: 2100000, guid: eed3e54330c86224fae4890ea5ec962c, type: 2}
    - target: {fileID: 2733646988047482045, guid: cd8bb6ffb5e573a46815653492decd87,
        type: 3}
      propertyPath: m_Materials.Array.size
      value: 2
      objectReference: {fileID: 0}
    - target: {fileID: 2733646988047482045, guid: cd8bb6ffb5e573a46815653492decd87,
        type: 3}
      propertyPath: m_Materials.Array.data[1]
      value: 
      objectReference: {fileID: 2100000, guid: eed3e54330c86224fae4890ea5ec962c, type: 2}
    - target: {fileID: 2837289156587588413, guid: cd8bb6ffb5e573a46815653492decd87,
        type: 3}
      propertyPath: m_Materials.Array.size
      value: 2
      objectReference: {fileID: 0}
    - target: {fileID: 2837289156587588413, guid: cd8bb6ffb5e573a46815653492decd87,
        type: 3}
      propertyPath: m_Materials.Array.data[1]
      value: 
      objectReference: {fileID: 2100000, guid: eed3e54330c86224fae4890ea5ec962c, type: 2}
    - target: {fileID: 3005851103841455187, guid: cd8bb6ffb5e573a46815653492decd87,
        type: 3}
      propertyPath: m_Materials.Array.size
      value: 2
      objectReference: {fileID: 0}
    - target: {fileID: 3005851103841455187, guid: cd8bb6ffb5e573a46815653492decd87,
        type: 3}
      propertyPath: m_Materials.Array.data[1]
      value: 
      objectReference: {fileID: 2100000, guid: eed3e54330c86224fae4890ea5ec962c, type: 2}
    - target: {fileID: 3155305741670069071, guid: cd8bb6ffb5e573a46815653492decd87,
        type: 3}
      propertyPath: m_Materials.Array.size
      value: 2
      objectReference: {fileID: 0}
    - target: {fileID: 3155305741670069071, guid: cd8bb6ffb5e573a46815653492decd87,
        type: 3}
      propertyPath: m_Materials.Array.data[1]
      value: 
      objectReference: {fileID: 2100000, guid: eed3e54330c86224fae4890ea5ec962c, type: 2}
    - target: {fileID: 3256851702514368110, guid: cd8bb6ffb5e573a46815653492decd87,
        type: 3}
      propertyPath: m_Materials.Array.size
      value: 2
      objectReference: {fileID: 0}
    - target: {fileID: 3256851702514368110, guid: cd8bb6ffb5e573a46815653492decd87,
        type: 3}
      propertyPath: m_Materials.Array.data[1]
      value: 
      objectReference: {fileID: 2100000, guid: eed3e54330c86224fae4890ea5ec962c, type: 2}
    - target: {fileID: 3273765063235435133, guid: cd8bb6ffb5e573a46815653492decd87,
        type: 3}
      propertyPath: m_Materials.Array.size
      value: 2
      objectReference: {fileID: 0}
    - target: {fileID: 3273765063235435133, guid: cd8bb6ffb5e573a46815653492decd87,
        type: 3}
      propertyPath: m_Materials.Array.data[1]
      value: 
      objectReference: {fileID: 2100000, guid: eed3e54330c86224fae4890ea5ec962c, type: 2}
    - target: {fileID: 3408245787939111185, guid: cd8bb6ffb5e573a46815653492decd87,
        type: 3}
      propertyPath: m_Materials.Array.size
      value: 2
      objectReference: {fileID: 0}
    - target: {fileID: 3408245787939111185, guid: cd8bb6ffb5e573a46815653492decd87,
        type: 3}
      propertyPath: m_Materials.Array.data[1]
      value: 
      objectReference: {fileID: 2100000, guid: eed3e54330c86224fae4890ea5ec962c, type: 2}
    - target: {fileID: 3460780789922639675, guid: cd8bb6ffb5e573a46815653492decd87,
        type: 3}
      propertyPath: m_Materials.Array.size
      value: 2
      objectReference: {fileID: 0}
    - target: {fileID: 3460780789922639675, guid: cd8bb6ffb5e573a46815653492decd87,
        type: 3}
      propertyPath: m_Materials.Array.data[1]
      value: 
      objectReference: {fileID: 2100000, guid: eed3e54330c86224fae4890ea5ec962c, type: 2}
    - target: {fileID: 3491780787148019783, guid: cd8bb6ffb5e573a46815653492decd87,
        type: 3}
      propertyPath: m_Materials.Array.size
      value: 2
      objectReference: {fileID: 0}
    - target: {fileID: 3491780787148019783, guid: cd8bb6ffb5e573a46815653492decd87,
        type: 3}
      propertyPath: m_Materials.Array.data[1]
      value: 
      objectReference: {fileID: 2100000, guid: eed3e54330c86224fae4890ea5ec962c, type: 2}
    - target: {fileID: 3519413237581056382, guid: cd8bb6ffb5e573a46815653492decd87,
        type: 3}
      propertyPath: m_Materials.Array.size
      value: 2
      objectReference: {fileID: 0}
    - target: {fileID: 3519413237581056382, guid: cd8bb6ffb5e573a46815653492decd87,
        type: 3}
      propertyPath: m_Materials.Array.data[1]
      value: 
      objectReference: {fileID: 2100000, guid: eed3e54330c86224fae4890ea5ec962c, type: 2}
    - target: {fileID: 3634676215803196392, guid: cd8bb6ffb5e573a46815653492decd87,
        type: 3}
      propertyPath: m_Materials.Array.size
      value: 2
      objectReference: {fileID: 0}
    - target: {fileID: 3634676215803196392, guid: cd8bb6ffb5e573a46815653492decd87,
        type: 3}
      propertyPath: m_Materials.Array.data[1]
      value: 
      objectReference: {fileID: 2100000, guid: eed3e54330c86224fae4890ea5ec962c, type: 2}
    - target: {fileID: 3670218030126523434, guid: cd8bb6ffb5e573a46815653492decd87,
        type: 3}
      propertyPath: m_Materials.Array.size
      value: 2
      objectReference: {fileID: 0}
    - target: {fileID: 3670218030126523434, guid: cd8bb6ffb5e573a46815653492decd87,
        type: 3}
      propertyPath: m_Materials.Array.data[1]
      value: 
      objectReference: {fileID: 2100000, guid: eed3e54330c86224fae4890ea5ec962c, type: 2}
    - target: {fileID: 3907074479006813932, guid: cd8bb6ffb5e573a46815653492decd87,
        type: 3}
      propertyPath: m_Materials.Array.size
      value: 2
      objectReference: {fileID: 0}
    - target: {fileID: 3907074479006813932, guid: cd8bb6ffb5e573a46815653492decd87,
        type: 3}
      propertyPath: m_Materials.Array.data[1]
      value: 
      objectReference: {fileID: 2100000, guid: eed3e54330c86224fae4890ea5ec962c, type: 2}
    - target: {fileID: 4003393484225689231, guid: cd8bb6ffb5e573a46815653492decd87,
        type: 3}
      propertyPath: m_Materials.Array.size
      value: 2
      objectReference: {fileID: 0}
    - target: {fileID: 4003393484225689231, guid: cd8bb6ffb5e573a46815653492decd87,
        type: 3}
      propertyPath: m_Materials.Array.data[1]
      value: 
      objectReference: {fileID: 2100000, guid: eed3e54330c86224fae4890ea5ec962c, type: 2}
    - target: {fileID: 4070392604603146055, guid: cd8bb6ffb5e573a46815653492decd87,
        type: 3}
      propertyPath: m_Materials.Array.size
      value: 2
      objectReference: {fileID: 0}
    - target: {fileID: 4070392604603146055, guid: cd8bb6ffb5e573a46815653492decd87,
        type: 3}
      propertyPath: m_Materials.Array.data[1]
      value: 
      objectReference: {fileID: 2100000, guid: eed3e54330c86224fae4890ea5ec962c, type: 2}
    - target: {fileID: 4321514657177891973, guid: cd8bb6ffb5e573a46815653492decd87,
        type: 3}
      propertyPath: m_Materials.Array.size
      value: 2
      objectReference: {fileID: 0}
    - target: {fileID: 4321514657177891973, guid: cd8bb6ffb5e573a46815653492decd87,
        type: 3}
      propertyPath: m_Materials.Array.data[1]
      value: 
      objectReference: {fileID: 2100000, guid: 112ca26b42fb60d45a3249db3ceaa2fe, type: 2}
    - target: {fileID: 4321917269745820198, guid: cd8bb6ffb5e573a46815653492decd87,
        type: 3}
      propertyPath: m_Materials.Array.size
      value: 2
      objectReference: {fileID: 0}
    - target: {fileID: 4321917269745820198, guid: cd8bb6ffb5e573a46815653492decd87,
        type: 3}
      propertyPath: m_Materials.Array.data[1]
      value: 
      objectReference: {fileID: 2100000, guid: eed3e54330c86224fae4890ea5ec962c, type: 2}
    - target: {fileID: 4502263233022050745, guid: cd8bb6ffb5e573a46815653492decd87,
        type: 3}
      propertyPath: m_Materials.Array.size
      value: 2
      objectReference: {fileID: 0}
    - target: {fileID: 4502263233022050745, guid: cd8bb6ffb5e573a46815653492decd87,
        type: 3}
      propertyPath: m_Materials.Array.data[1]
      value: 
      objectReference: {fileID: 2100000, guid: eed3e54330c86224fae4890ea5ec962c, type: 2}
    - target: {fileID: 4597336183881363426, guid: cd8bb6ffb5e573a46815653492decd87,
        type: 3}
      propertyPath: m_Materials.Array.size
      value: 2
      objectReference: {fileID: 0}
    - target: {fileID: 4597336183881363426, guid: cd8bb6ffb5e573a46815653492decd87,
        type: 3}
      propertyPath: m_Materials.Array.data[1]
      value: 
      objectReference: {fileID: 2100000, guid: eed3e54330c86224fae4890ea5ec962c, type: 2}
    - target: {fileID: 4790737521227246257, guid: cd8bb6ffb5e573a46815653492decd87,
        type: 3}
      propertyPath: m_Materials.Array.size
      value: 2
      objectReference: {fileID: 0}
    - target: {fileID: 4790737521227246257, guid: cd8bb6ffb5e573a46815653492decd87,
        type: 3}
      propertyPath: m_Materials.Array.data[1]
      value: 
      objectReference: {fileID: 2100000, guid: eed3e54330c86224fae4890ea5ec962c, type: 2}
    - target: {fileID: 4873834078569114995, guid: cd8bb6ffb5e573a46815653492decd87,
        type: 3}
      propertyPath: m_Materials.Array.size
      value: 2
      objectReference: {fileID: 0}
    - target: {fileID: 4873834078569114995, guid: cd8bb6ffb5e573a46815653492decd87,
        type: 3}
      propertyPath: m_Materials.Array.data[1]
      value: 
      objectReference: {fileID: 2100000, guid: eed3e54330c86224fae4890ea5ec962c, type: 2}
    - target: {fileID: 4877519237945196044, guid: cd8bb6ffb5e573a46815653492decd87,
        type: 3}
      propertyPath: m_Materials.Array.size
      value: 2
      objectReference: {fileID: 0}
    - target: {fileID: 4877519237945196044, guid: cd8bb6ffb5e573a46815653492decd87,
        type: 3}
      propertyPath: m_Materials.Array.data[1]
      value: 
      objectReference: {fileID: 2100000, guid: eed3e54330c86224fae4890ea5ec962c, type: 2}
    - target: {fileID: 4990220740914452791, guid: cd8bb6ffb5e573a46815653492decd87,
        type: 3}
      propertyPath: m_Materials.Array.size
      value: 2
      objectReference: {fileID: 0}
    - target: {fileID: 4990220740914452791, guid: cd8bb6ffb5e573a46815653492decd87,
        type: 3}
      propertyPath: m_Materials.Array.data[1]
      value: 
      objectReference: {fileID: 2100000, guid: eed3e54330c86224fae4890ea5ec962c, type: 2}
    - target: {fileID: 5042827232303649330, guid: cd8bb6ffb5e573a46815653492decd87,
        type: 3}
      propertyPath: m_Materials.Array.size
      value: 2
      objectReference: {fileID: 0}
    - target: {fileID: 5042827232303649330, guid: cd8bb6ffb5e573a46815653492decd87,
        type: 3}
      propertyPath: m_Materials.Array.data[1]
      value: 
      objectReference: {fileID: 2100000, guid: eed3e54330c86224fae4890ea5ec962c, type: 2}
    - target: {fileID: 5104841729107246715, guid: cd8bb6ffb5e573a46815653492decd87,
        type: 3}
      propertyPath: m_Materials.Array.size
      value: 2
      objectReference: {fileID: 0}
    - target: {fileID: 5104841729107246715, guid: cd8bb6ffb5e573a46815653492decd87,
        type: 3}
      propertyPath: m_Materials.Array.data[1]
      value: 
      objectReference: {fileID: 2100000, guid: eed3e54330c86224fae4890ea5ec962c, type: 2}
    - target: {fileID: 5571196595977616545, guid: cd8bb6ffb5e573a46815653492decd87,
        type: 3}
      propertyPath: m_Materials.Array.size
      value: 2
      objectReference: {fileID: 0}
    - target: {fileID: 5571196595977616545, guid: cd8bb6ffb5e573a46815653492decd87,
        type: 3}
      propertyPath: m_Materials.Array.data[1]
      value: 
      objectReference: {fileID: 2100000, guid: eed3e54330c86224fae4890ea5ec962c, type: 2}
    - target: {fileID: 5777964690992792762, guid: cd8bb6ffb5e573a46815653492decd87,
        type: 3}
      propertyPath: m_Materials.Array.size
      value: 2
      objectReference: {fileID: 0}
    - target: {fileID: 5777964690992792762, guid: cd8bb6ffb5e573a46815653492decd87,
        type: 3}
      propertyPath: m_Materials.Array.data[1]
      value: 
      objectReference: {fileID: 2100000, guid: eed3e54330c86224fae4890ea5ec962c, type: 2}
    - target: {fileID: 5879363547028578664, guid: cd8bb6ffb5e573a46815653492decd87,
        type: 3}
      propertyPath: m_Materials.Array.size
      value: 2
      objectReference: {fileID: 0}
    - target: {fileID: 5879363547028578664, guid: cd8bb6ffb5e573a46815653492decd87,
        type: 3}
      propertyPath: m_Materials.Array.data[1]
      value: 
      objectReference: {fileID: 2100000, guid: eed3e54330c86224fae4890ea5ec962c, type: 2}
    - target: {fileID: 5959649168809915905, guid: cd8bb6ffb5e573a46815653492decd87,
        type: 3}
      propertyPath: m_Materials.Array.size
      value: 2
      objectReference: {fileID: 0}
    - target: {fileID: 5959649168809915905, guid: cd8bb6ffb5e573a46815653492decd87,
        type: 3}
      propertyPath: m_Materials.Array.data[1]
      value: 
      objectReference: {fileID: 2100000, guid: eed3e54330c86224fae4890ea5ec962c, type: 2}
    - target: {fileID: 6045286213989717507, guid: cd8bb6ffb5e573a46815653492decd87,
        type: 3}
      propertyPath: m_Materials.Array.size
      value: 2
      objectReference: {fileID: 0}
    - target: {fileID: 6045286213989717507, guid: cd8bb6ffb5e573a46815653492decd87,
        type: 3}
      propertyPath: m_Materials.Array.data[1]
      value: 
      objectReference: {fileID: 2100000, guid: eed3e54330c86224fae4890ea5ec962c, type: 2}
    - target: {fileID: 6062756756069422899, guid: cd8bb6ffb5e573a46815653492decd87,
        type: 3}
      propertyPath: m_Materials.Array.size
      value: 3
      objectReference: {fileID: 0}
    - target: {fileID: 6062756756069422899, guid: cd8bb6ffb5e573a46815653492decd87,
        type: 3}
      propertyPath: m_Materials.Array.data[0]
      value: 
      objectReference: {fileID: 2100000, guid: 6725237c00ad1044399d58fa0efba53e, type: 2}
    - target: {fileID: 6062756756069422899, guid: cd8bb6ffb5e573a46815653492decd87,
        type: 3}
      propertyPath: m_Materials.Array.data[1]
      value: 
      objectReference: {fileID: 2100000, guid: 00cc5d60f0f7b0c40afcf32ae2482a69, type: 2}
    - target: {fileID: 6062756756069422899, guid: cd8bb6ffb5e573a46815653492decd87,
        type: 3}
      propertyPath: m_Materials.Array.data[2]
      value: 
      objectReference: {fileID: 2100000, guid: 112ca26b42fb60d45a3249db3ceaa2fe, type: 2}
    - target: {fileID: 6154895414151991178, guid: cd8bb6ffb5e573a46815653492decd87,
        type: 3}
      propertyPath: m_Materials.Array.size
      value: 2
      objectReference: {fileID: 0}
    - target: {fileID: 6154895414151991178, guid: cd8bb6ffb5e573a46815653492decd87,
        type: 3}
      propertyPath: m_Materials.Array.data[1]
      value: 
      objectReference: {fileID: 2100000, guid: eed3e54330c86224fae4890ea5ec962c, type: 2}
    - target: {fileID: 6197631384830412178, guid: cd8bb6ffb5e573a46815653492decd87,
        type: 3}
      propertyPath: m_Materials.Array.size
      value: 2
      objectReference: {fileID: 0}
    - target: {fileID: 6197631384830412178, guid: cd8bb6ffb5e573a46815653492decd87,
        type: 3}
      propertyPath: m_Materials.Array.data[1]
      value: 
      objectReference: {fileID: 2100000, guid: eed3e54330c86224fae4890ea5ec962c, type: 2}
    - target: {fileID: 6273168004895321073, guid: cd8bb6ffb5e573a46815653492decd87,
        type: 3}
      propertyPath: m_Materials.Array.size
      value: 2
      objectReference: {fileID: 0}
    - target: {fileID: 6273168004895321073, guid: cd8bb6ffb5e573a46815653492decd87,
        type: 3}
      propertyPath: m_Materials.Array.data[1]
      value: 
      objectReference: {fileID: 2100000, guid: eed3e54330c86224fae4890ea5ec962c, type: 2}
    - target: {fileID: 6328736469281710223, guid: cd8bb6ffb5e573a46815653492decd87,
        type: 3}
      propertyPath: m_Materials.Array.size
      value: 2
      objectReference: {fileID: 0}
    - target: {fileID: 6328736469281710223, guid: cd8bb6ffb5e573a46815653492decd87,
        type: 3}
      propertyPath: m_Materials.Array.data[1]
      value: 
      objectReference: {fileID: 2100000, guid: eed3e54330c86224fae4890ea5ec962c, type: 2}
    - target: {fileID: 6818227405421618893, guid: cd8bb6ffb5e573a46815653492decd87,
        type: 3}
      propertyPath: m_Materials.Array.size
      value: 2
      objectReference: {fileID: 0}
    - target: {fileID: 6818227405421618893, guid: cd8bb6ffb5e573a46815653492decd87,
        type: 3}
      propertyPath: m_Materials.Array.data[1]
      value: 
      objectReference: {fileID: 2100000, guid: eed3e54330c86224fae4890ea5ec962c, type: 2}
    - target: {fileID: 6835518600236058212, guid: cd8bb6ffb5e573a46815653492decd87,
        type: 3}
      propertyPath: m_Materials.Array.size
      value: 2
      objectReference: {fileID: 0}
    - target: {fileID: 6835518600236058212, guid: cd8bb6ffb5e573a46815653492decd87,
        type: 3}
      propertyPath: m_Materials.Array.data[1]
      value: 
      objectReference: {fileID: 2100000, guid: eed3e54330c86224fae4890ea5ec962c, type: 2}
    - target: {fileID: 7256559085468169898, guid: cd8bb6ffb5e573a46815653492decd87,
        type: 3}
      propertyPath: m_Materials.Array.size
      value: 2
      objectReference: {fileID: 0}
    - target: {fileID: 7256559085468169898, guid: cd8bb6ffb5e573a46815653492decd87,
        type: 3}
      propertyPath: m_Materials.Array.data[1]
      value: 
      objectReference: {fileID: 2100000, guid: eed3e54330c86224fae4890ea5ec962c, type: 2}
    - target: {fileID: 7343862864926955248, guid: cd8bb6ffb5e573a46815653492decd87,
        type: 3}
      propertyPath: m_Materials.Array.size
      value: 2
      objectReference: {fileID: 0}
    - target: {fileID: 7343862864926955248, guid: cd8bb6ffb5e573a46815653492decd87,
        type: 3}
      propertyPath: m_Materials.Array.data[1]
      value: 
      objectReference: {fileID: 2100000, guid: eed3e54330c86224fae4890ea5ec962c, type: 2}
    - target: {fileID: 7589295509026514055, guid: cd8bb6ffb5e573a46815653492decd87,
        type: 3}
      propertyPath: m_Materials.Array.size
      value: 2
      objectReference: {fileID: 0}
    - target: {fileID: 7589295509026514055, guid: cd8bb6ffb5e573a46815653492decd87,
        type: 3}
      propertyPath: m_Materials.Array.data[1]
      value: 
      objectReference: {fileID: 2100000, guid: eed3e54330c86224fae4890ea5ec962c, type: 2}
    - target: {fileID: 7602680223111248870, guid: cd8bb6ffb5e573a46815653492decd87,
        type: 3}
      propertyPath: m_Materials.Array.size
      value: 2
      objectReference: {fileID: 0}
    - target: {fileID: 7602680223111248870, guid: cd8bb6ffb5e573a46815653492decd87,
        type: 3}
      propertyPath: m_Materials.Array.data[1]
      value: 
      objectReference: {fileID: 2100000, guid: eed3e54330c86224fae4890ea5ec962c, type: 2}
    - target: {fileID: 7606292353127659920, guid: cd8bb6ffb5e573a46815653492decd87,
        type: 3}
      propertyPath: m_Materials.Array.size
      value: 2
      objectReference: {fileID: 0}
    - target: {fileID: 7606292353127659920, guid: cd8bb6ffb5e573a46815653492decd87,
        type: 3}
      propertyPath: m_Materials.Array.data[1]
      value: 
      objectReference: {fileID: 2100000, guid: eed3e54330c86224fae4890ea5ec962c, type: 2}
    - target: {fileID: 7980101822320103184, guid: cd8bb6ffb5e573a46815653492decd87,
        type: 3}
      propertyPath: m_Materials.Array.size
      value: 2
      objectReference: {fileID: 0}
    - target: {fileID: 7980101822320103184, guid: cd8bb6ffb5e573a46815653492decd87,
        type: 3}
      propertyPath: m_Materials.Array.data[1]
      value: 
      objectReference: {fileID: 2100000, guid: eed3e54330c86224fae4890ea5ec962c, type: 2}
    - target: {fileID: 8176901182112675337, guid: cd8bb6ffb5e573a46815653492decd87,
        type: 3}
      propertyPath: m_Materials.Array.size
      value: 2
      objectReference: {fileID: 0}
    - target: {fileID: 8176901182112675337, guid: cd8bb6ffb5e573a46815653492decd87,
        type: 3}
      propertyPath: m_Materials.Array.data[1]
      value: 
      objectReference: {fileID: 2100000, guid: eed3e54330c86224fae4890ea5ec962c, type: 2}
    - target: {fileID: 8534194719544546672, guid: cd8bb6ffb5e573a46815653492decd87,
        type: 3}
      propertyPath: m_Materials.Array.size
      value: 2
      objectReference: {fileID: 0}
    - target: {fileID: 8534194719544546672, guid: cd8bb6ffb5e573a46815653492decd87,
        type: 3}
      propertyPath: m_Materials.Array.data[1]
      value: 
      objectReference: {fileID: 2100000, guid: eed3e54330c86224fae4890ea5ec962c, type: 2}
    - target: {fileID: 8619654154277027990, guid: cd8bb6ffb5e573a46815653492decd87,
        type: 3}
      propertyPath: m_Materials.Array.size
      value: 2
      objectReference: {fileID: 0}
    - target: {fileID: 8619654154277027990, guid: cd8bb6ffb5e573a46815653492decd87,
        type: 3}
      propertyPath: m_Materials.Array.data[1]
      value: 
      objectReference: {fileID: 2100000, guid: eed3e54330c86224fae4890ea5ec962c, type: 2}
    - target: {fileID: 8633761801451269769, guid: cd8bb6ffb5e573a46815653492decd87,
        type: 3}
      propertyPath: m_Materials.Array.size
      value: 2
      objectReference: {fileID: 0}
    - target: {fileID: 8633761801451269769, guid: cd8bb6ffb5e573a46815653492decd87,
        type: 3}
      propertyPath: m_Materials.Array.data[1]
      value: 
      objectReference: {fileID: 2100000, guid: eed3e54330c86224fae4890ea5ec962c, type: 2}
    - target: {fileID: 8769245992436994947, guid: cd8bb6ffb5e573a46815653492decd87,
        type: 3}
      propertyPath: m_Materials.Array.size
      value: 2
      objectReference: {fileID: 0}
    - target: {fileID: 8769245992436994947, guid: cd8bb6ffb5e573a46815653492decd87,
        type: 3}
      propertyPath: m_Materials.Array.data[1]
      value: 
      objectReference: {fileID: 2100000, guid: eed3e54330c86224fae4890ea5ec962c, type: 2}
    - target: {fileID: 9082183745466149498, guid: cd8bb6ffb5e573a46815653492decd87,
        type: 3}
      propertyPath: m_Materials.Array.size
      value: 2
      objectReference: {fileID: 0}
    - target: {fileID: 9082183745466149498, guid: cd8bb6ffb5e573a46815653492decd87,
        type: 3}
      propertyPath: m_Materials.Array.data[1]
      value: 
      objectReference: {fileID: 2100000, guid: eed3e54330c86224fae4890ea5ec962c, type: 2}
    - target: {fileID: 9143376730677764456, guid: cd8bb6ffb5e573a46815653492decd87,
        type: 3}
      propertyPath: m_Materials.Array.size
      value: 2
      objectReference: {fileID: 0}
    - target: {fileID: 9143376730677764456, guid: cd8bb6ffb5e573a46815653492decd87,
        type: 3}
      propertyPath: m_Materials.Array.data[1]
      value: 
      objectReference: {fileID: 2100000, guid: eed3e54330c86224fae4890ea5ec962c, type: 2}
    m_RemovedComponents: []
    m_RemovedGameObjects:
    - {fileID: 5233112405309087440, guid: cd8bb6ffb5e573a46815653492decd87, type: 3}
    - {fileID: -6763858364670572316, guid: cd8bb6ffb5e573a46815653492decd87, type: 3}
    - {fileID: -2045257923548263128, guid: cd8bb6ffb5e573a46815653492decd87, type: 3}
    - {fileID: 281855664364225751, guid: cd8bb6ffb5e573a46815653492decd87, type: 3}
    - {fileID: -208595431880416365, guid: cd8bb6ffb5e573a46815653492decd87, type: 3}
    - {fileID: -466329591000292508, guid: cd8bb6ffb5e573a46815653492decd87, type: 3}
    - {fileID: -1599826595754709761, guid: cd8bb6ffb5e573a46815653492decd87, type: 3}
    - {fileID: -7640558969779515294, guid: cd8bb6ffb5e573a46815653492decd87, type: 3}
    - {fileID: -7146521406498821007, guid: cd8bb6ffb5e573a46815653492decd87, type: 3}
    - {fileID: 8416272007918961125, guid: cd8bb6ffb5e573a46815653492decd87, type: 3}
    - {fileID: -516098083770646512, guid: cd8bb6ffb5e573a46815653492decd87, type: 3}
    - {fileID: -8391222552659086748, guid: cd8bb6ffb5e573a46815653492decd87, type: 3}
    - {fileID: 4424396828587804706, guid: cd8bb6ffb5e573a46815653492decd87, type: 3}
    m_AddedGameObjects: []
    m_AddedComponents: []
  m_SourcePrefab: {fileID: 100100000, guid: cd8bb6ffb5e573a46815653492decd87, type: 3}
--- !u!4 &2944865908211082792 stripped
Transform:
  m_CorrespondingSourceObject: {fileID: -8679921383154817045, guid: cd8bb6ffb5e573a46815653492decd87,
    type: 3}
  m_PrefabInstance: {fileID: 3410626303951962563}
  m_PrefabAsset: {fileID: 0}
